% Paste .bibtex entries here!

@inproceedings{hamming1986you,
  title={You and your research},
  author={Hamming, Richard},
  booktitle={Transcription of the Bell Communications Research Colloquium Seminar},
  volume={7},
  year={1986},
  organization={Bell Communications Research Morristown, NJ}
}
